<record><leader>00000cas a22000007a 4500</leader><controlfield tag="001">17330008</controlfield><controlfield tag="008">880111d19531972njudn ne      0    0eng d</controlfield><datafield ind1=" " ind2=" " tag="010"><subfield code="a">sn 88071012 </subfield></datafield><datafield ind1=" " ind2=" " tag="040"><subfield code="a">NPA</subfield><subfield code="b">eng</subfield><subfield code="c">NPA</subfield><subfield code="d">OCLCQ</subfield><subfield code="d">OCLCO</subfield></datafield><datafield ind1="1" ind2=" " tag="029"><subfield code="a">AU@</subfield><subfield code="b">000025828102</subfield></datafield><datafield ind1=" " ind2=" " tag="042"><subfield code="a">msc</subfield></datafield><datafield ind1="0" ind2=" " tag="130"><subfield code="a">Rutgers targum (New Brunswick, N.J. : 1953)</subfield></datafield><datafield ind1="1" ind2="4" tag="245"><subfield code="a">The Rutgers targum.</subfield></datafield><datafield ind1="1" ind2="7" tag="246"><subfield code="a">Rutgers daily targum</subfield></datafield><datafield ind1=" " ind2=" " tag="260"><subfield code="a">New Brunswick, N.J. :</subfield><subfield code="b">[Targum Association],</subfield><subfield code="c">1953-1972.</subfield></datafield><datafield ind1=" " ind2=" " tag="310"><subfield code="a">Daily (except Sat. and Sun. during the school year),</subfield><subfield code="b">1956-1972</subfield></datafield><datafield ind1=" " ind2=" " tag="321"><subfield code="a">Semiweekly (during the school year),</subfield><subfield code="b">1953-1954</subfield></datafield><datafield ind1=" " ind2=" " tag="321"><subfield code="a">Four no. a week (during the school year),</subfield><subfield code="b">1954-1956</subfield></datafield><datafield ind1="0" ind2=" " tag="362"><subfield code="a">Vol. 94, no. 36 (Apr. 17, 1953)-v. 104, no. 58 (Dec. 4 [i.e. 5], 1972).</subfield></datafield><datafield ind1="2" ind2=" " tag="710"><subfield code="a">Rutgers University.</subfield></datafield><datafield ind1="2" ind2=" " tag="710"><subfield code="a">Rutgers College.</subfield></datafield><datafield ind1="2" ind2=" " tag="710"><subfield code="a">Targum Association of Rutgers College.</subfield></datafield><datafield ind1=" " ind2=" " tag="752"><subfield code="a">United States</subfield><subfield code="b">New Jersey</subfield><subfield code="c">Middlesex</subfield><subfield code="d">New Brunswick.</subfield></datafield><datafield ind1="0" ind2="0" tag="780"><subfield code="t">Targum (New Brunswick, N.J. : 1945)</subfield><subfield code="w">(DLC)sn 88071011</subfield></datafield><datafield ind1="0" ind2="0" tag="785"><subfield code="t">Rutgers daily targum</subfield><subfield code="w">(DLC)sn 88071006</subfield></datafield></record>